@article{van2010exploring,
  title={Exploring the brain network: a review on resting-state fMRI functional connectivity},
  author={Van Den Heuvel, Martijn P and Pol, Hilleke E Hulshoff},
  journal={European neuropsychopharmacology},
  volume={20},
  number={8},
  pages={519--534},
  year={2010},
  publisher={Elsevier}
}

